@article{彭冬莲2005读者满意度测评方法研究,
  title={读者满意度测评方法研究},
  author={彭冬莲 and 彭备芳},
  journal={图书馆学研究},
  volume={8},
  pages={52--56},
  year={2005}
}

@article{索传军2005电子资源服务绩效评估的含义及影响因素分析,
  title={电子资源服务绩效评估的含义及影响因素分析},
  author={索传军},
  journal={图书情报知识},
  volume={12},
  pages={66--69},
  year={2005}
}
